%% This BibTeX bibliography file was created using BibDesk.
%% https://bibdesk.sourceforge.io/

%% Created for Althea Archer at 2021-01-02 19:46:36 -0600 


%% Saved with string encoding Unicode (UTF-8) 



@inproceedings{Enriquez:1997,
	author = {Enr{\'\i}quez, Paula L and Salazar, J Luis Rangel},
	booktitle = {In: Duncan, James R.; Johnson, David H.; Nicholls, Thomas H., eds. Biology and conservation of owls of the Northern Hemisphere: 2nd International symposium. Gen. Tech. Rep. NC-190. St. Paul, MN: US Dept. of Agriculture, Forest Service, North Central Forest Experiment Station. 525-532.},
	date-added = {2021-01-02 19:45:33 -0600},
	date-modified = {2021-01-02 19:45:48 -0600},
	title = {Intra-and interspecific calling in a tropical owl community},
	volume = {190},
	year = {1997}}

@book{Johnsgard:1988,
	address = {New Haven, CT},
	author = {Johnsgard, Paul A},
	date-added = {2021-01-02 19:43:35 -0600},
	date-modified = {2021-01-02 19:44:12 -0600},
	keywords = {owls},
	publisher = {Yale University Press},
	title = {North American owls: biology and natural history},
	year = {1988}}

@book{Konig:1999,
	address = {New Haven, CT},
	author = {{Claus K\"onig} and Weick, Friedhelm},
	date-added = {2021-01-02 19:40:31 -0600},
	date-modified = {2021-01-02 19:42:05 -0600},
	keywords = {owls},
	publisher = {Yale University Press},
	title = {Owls: A guide to owls of the world},
	year = {1999}}

@techreport{Clark:1978,
	author = {Clark, R. J. and Smith, D. G. and Kelso, L. H.},
	date-added = {2021-01-02 19:34:58 -0600},
	date-modified = {2021-01-02 19:36:12 -0600},
	institution = {{National Wildlife Federation Scientific and Technical Series}},
	keywords = {owls},
	number = {1},
	title = {Working bibliography of owls of the world},
	year = {1978}}

@inbook{Enriquez:2006,
	author = {{Enr\'iquez}, P. L. and Johnson, D. H. and Rangel-Salazar, J. L.},
	chapter = {{Taxonomy, distribution and conservation of owls in the Neotropics: A review}},
	date-added = {2021-01-02 19:31:19 -0600},
	date-modified = {2021-01-02 19:34:07 -0600},
	editor = {{Rodr\'iguez-Estrella}, R.},
	keywords = {owls},
	pages = {254-307},
	publisher = {{Comisi\'on Nacional para el Conocimiento y Uso de la Biodiversidad}},
	title = {{Current Raptor Studies in M\'exico}},
	year = {2006}}

@article{Corlett:2012,
	abstract = {As a broad scientific consensus in support of anthropogenic global warming emerged in the 1980s, a few biologists were quick to make predictions of the likely impacts in the tropics. Most conservation biologists, however, saw climate change as a much less immediate threat to tropical terrestrial ecosystems than deforestation, logging, and hunting. There has been a rapid shift in opinion in the last few years, with the widespread recognition that the climate is already changing at a rate that is relevant to current conservation actions in the tropics. Unfortunately, more than a decade of relative neglect of climate change research has left tropical biologists with little hard information on which to plan a response. The most widely used climate projections for the tropics do not represent the full range of model possibilities and do not reflect the current rates of greenhouse gas emission. The 2--3$\,^{\circ}$C rise that is commonly assumed could be 4--6, or even 7$\,^{\circ}$C, while projections for rainfall and other climate variables have still greater uncertainty. These climatic uncertainties are compounded by our ignorance about the potential biological consequences of these changes. It is very likely, however, that the majority of the tropics will soon be subject to climatic conditions that have not existed anywhere on Earth for millions of years. It's a new world and all bets are off.},
	author = {Corlett, Richard T.},
	date-added = {2021-01-02 19:06:32 -0600},
	date-modified = {2021-01-02 19:06:44 -0600},
	doi = {https://doi.org/10.1016/j.biocon.2011.11.027},
	issn = {0006-3207},
	journal = {Biological Conservation},
	keywords = {Global warming, Greenhouse effect, Tropical ecology, Novel ecosystems},
	note = {ADVANCING ENVIRONMENTAL CONSERVATION: ESSAYS IN HONOR OF NAVJOT SODHI},
	number = {1},
	pages = {22 - 25},
	title = {Climate change in the tropics: The end of the world as we know it?},
	url = {http://www.sciencedirect.com/science/article/pii/S0006320711004460},
	volume = {151},
	year = {2012},
	Bdsk-Url-1 = {http://www.sciencedirect.com/science/article/pii/S0006320711004460},
	Bdsk-File-1 = {YnBsaXN0MDDSAQIDBFxyZWxhdGl2ZVBhdGhZYWxpYXNEYXRhXxAnLi4vLi4vLi4vLi4vLi4vbGlicmFyeS9Db3JsZXR0LzIwMTIucGRmTxEBUAAAAAABUAACAAAMTWFjaW50b3NoIEhEAAAAAAAAAAAAAAAAAAAAAAAAAEJEAAH/////CDIwMTIucGRmAAAAAAAAAAAAAAAAAAAAAAAAAAAAAAAAAAAAAAAAAAAAAAAAAAAAAAAAAAAAAAAAAAAAAAAAAP////8AAAAAAAAAAAAAAAAABQADAAAKIGN1AAAAAAAAAAAAAAAAAAdDb3JsZXR0AAACADEvOlVzZXJzOmFsdGhlYTpEb2N1bWVudHM6bGlicmFyeTpDb3JsZXR0OjIwMTIucGRmAAAOABIACAAyADAAMQAyAC4AcABkAGYADwAaAAwATQBhAGMAaQBuAHQAbwBzAGgAIABIAEQAEgAvVXNlcnMvYWx0aGVhL0RvY3VtZW50cy9saWJyYXJ5L0NvcmxldHQvMjAxMi5wZGYAABMAAS8AABUAAgAN//8AAAAIAA0AGgAkAE4AAAAAAAACAQAAAAAAAAAFAAAAAAAAAAAAAAAAAAABog==},
	Bdsk-Url-2 = {https://doi.org/10.1016/j.biocon.2011.11.027}}

@inbook{Perez-Leon:2017,
	address = {Cham, Switzerland},
	author = {{P\'erez-L\'eon}, R. and Vega, I and Herrera, N.},
	chapter = {11},
	date-added = {2021-01-02 18:52:58 -0600},
	date-modified = {2021-01-02 18:57:30 -0600},
	editor = {{Enr\'iquez}, P. L.},
	keywords = {owls},
	pages = {397-418},
	publisher = {Springer International Publishing AG},
	title = {{Neotropical owls: Diversity and Conservation}},
	year = {2017},
	Bdsk-File-1 = {YnBsaXN0MDDSAQIDBFxyZWxhdGl2ZVBhdGhZYWxpYXNEYXRhXxAuLi4vLi4vLi4vLi4vLi4vbGlicmFyeS9QXCdlcmV6LUxcJ2Vvbi8yMDE3LnBkZk8RAWIAAAAAAWIAAgAADE1hY2ludG9zaCBIRAAAAAAAAAAAAAAAAAAAAAAAAABCRAAB/////wgyMDE3LnBkZgAAAAAAAAAAAAAAAAAAAAAAAAAAAAAAAAAAAAAAAAAAAAAAAAAAAAAAAAAAAAAAAAAAAAAAAAD/////AAAAAAAAAAAAAAAAAAUAAwAACiBjdQAAAAAAAAAAAAAAAAAOUFwnZXJlei1MXCdlb24AAgA4LzpVc2VyczphbHRoZWE6RG9jdW1lbnRzOmxpYnJhcnk6UFwnZXJlei1MXCdlb246MjAxNy5wZGYADgASAAgAMgAwADEANwAuAHAAZABmAA8AGgAMAE0AYQBjAGkAbgB0AG8AcwBoACAASABEABIANlVzZXJzL2FsdGhlYS9Eb2N1bWVudHMvbGlicmFyeS9QXCdlcmV6LUxcJ2Vvbi8yMDE3LnBkZgATAAEvAAAVAAIADf//AAAACAANABoAJABVAAAAAAAAAgEAAAAAAAAABQAAAAAAAAAAAAAAAAAAAbs=}}

@article{Wan:2018,
	author = {Wan, Ho Yi and Ganey, Joseph L. and Vojta, Christina D. and Cushman, Samuel A.},
	date-added = {2021-01-02 11:04:17 -0600},
	date-modified = {2021-01-02 11:05:39 -0600},
	journal = {The Journal of Wildlife Management},
	keywords = {owls},
	number = {4},
	pages = {682-697},
	title = {Managing emerging threats to spotted owls},
	volume = {82},
	year = {2018},
	Bdsk-File-1 = {YnBsaXN0MDDSAQIDBFxyZWxhdGl2ZVBhdGhZYWxpYXNEYXRhXxAjLi4vLi4vLi4vLi4vLi4vbGlicmFyeS9XYW4vMjAxOC5wZGZPEQFEAAAAAAFEAAIAAAxNYWNpbnRvc2ggSEQAAAAAAAAAAAAAAAAAAAAAAAAAQkQAAf////8IMjAxOC5wZGYAAAAAAAAAAAAAAAAAAAAAAAAAAAAAAAAAAAAAAAAAAAAAAAAAAAAAAAAAAAAAAAAAAAAAAAAA/////wAAAAAAAAAAAAAAAAAFAAMAAAogY3UAAAAAAAAAAAAAAAAAA1dhbgAAAgAtLzpVc2VyczphbHRoZWE6RG9jdW1lbnRzOmxpYnJhcnk6V2FuOjIwMTgucGRmAAAOABIACAAyADAAMQA4AC4AcABkAGYADwAaAAwATQBhAGMAaQBuAHQAbwBzAGgAIABIAEQAEgArVXNlcnMvYWx0aGVhL0RvY3VtZW50cy9saWJyYXJ5L1dhbi8yMDE4LnBkZgAAEwABLwAAFQACAA3//wAAAAgADQAaACQASgAAAAAAAAIBAAAAAAAAAAUAAAAAAAAAAAAAAAAAAAGS}}

@article{White:2013,
	author = {White, A. M. and Zipkin, E. F. and Manley, P. N. and Schlesinger, M. D.},
	date-added = {2021-01-02 10:43:03 -0600},
	date-modified = {2021-01-02 19:29:18 -0600},
	journal = {PLoS ONE},
	keywords = {occupancy model and owls},
	number = {5},
	pages = {e63088},
	title = {{Conservation of avian diversity in the Sierra Nevada: Moving beyond a single-species management focus.}},
	volume = {8},
	year = {2013},
	Bdsk-File-1 = {YnBsaXN0MDDSAQIDBFxyZWxhdGl2ZVBhdGhZYWxpYXNEYXRhXxAlLi4vLi4vLi4vLi4vLi4vbGlicmFyeS9XaGl0ZS8yMDEzLnBkZk8RAUoAAAAAAUoAAgAADE1hY2ludG9zaCBIRAAAAAAAAAAAAAAAAAAAAAAAAABCRAAB/////wgyMDEzLnBkZgAAAAAAAAAAAAAAAAAAAAAAAAAAAAAAAAAAAAAAAAAAAAAAAAAAAAAAAAAAAAAAAAAAAAAAAAD/////AAAAAAAAAAAAAAAAAAUAAwAACiBjdQAAAAAAAAAAAAAAAAAFV2hpdGUAAAIALy86VXNlcnM6YWx0aGVhOkRvY3VtZW50czpsaWJyYXJ5OldoaXRlOjIwMTMucGRmAAAOABIACAAyADAAMQAzAC4AcABkAGYADwAaAAwATQBhAGMAaQBuAHQAbwBzAGgAIABIAEQAEgAtVXNlcnMvYWx0aGVhL0RvY3VtZW50cy9saWJyYXJ5L1doaXRlLzIwMTMucGRmAAATAAEvAAAVAAIADf//AAAACAANABoAJABMAAAAAAAAAgEAAAAAAAAABQAAAAAAAAAAAAAAAAAAAZo=}}

@article{Broms:2016,
	author = {Broms, Kristin M. and Hooten, Mevin B. and Fitzpatrick, Ryan M.},
	date-added = {2020-11-17 10:16:50 -0600},
	date-modified = {2020-11-17 12:45:11 -0600},
	doi = {10.1890/15-1471.1},
	journal = {Ecology},
	keywords = {occupancy model and Bayes and model selection},
	number = {7},
	pages = {1759-1770},
	read = {1},
	title = {Model selection and assessment for multi-species occupancy models},
	volume = {97},
	year = {2016},
	Bdsk-File-1 = {YnBsaXN0MDDSAQIDBFxyZWxhdGl2ZVBhdGhZYWxpYXNEYXRhXxAmLi4vLi4vLi4vLi4vLi4vbGlicmFyeS9Ccm9tcy8yMDE2Yy5wZGZPEQFMAAAAAAFMAAIAAAxNYWNpbnRvc2ggSEQAAAAAAAAAAAAAAAAAAAAAAAAAQkQAAf////8JMjAxNmMucGRmAAAAAAAAAAAAAAAAAAAAAAAAAAAAAAAAAAAAAAAAAAAAAAAAAAAAAAAAAAAAAAAAAAAAAAAA/////wAAAAAAAAAAAAAAAAAFAAMAAAogY3UAAAAAAAAAAAAAAAAABUJyb21zAAACADAvOlVzZXJzOmFsdGhlYTpEb2N1bWVudHM6bGlicmFyeTpCcm9tczoyMDE2Yy5wZGYADgAUAAkAMgAwADEANgBjAC4AcABkAGYADwAaAAwATQBhAGMAaQBuAHQAbwBzAGgAIABIAEQAEgAuVXNlcnMvYWx0aGVhL0RvY3VtZW50cy9saWJyYXJ5L0Jyb21zLzIwMTZjLnBkZgATAAEvAAAVAAIADf//AAAACAANABoAJABNAAAAAAAAAgEAAAAAAAAABQAAAAAAAAAAAAAAAAAAAZ0=},
	Bdsk-File-2 = {YnBsaXN0MDDSAQIDBFxyZWxhdGl2ZVBhdGhZYWxpYXNEYXRhXxAlLi4vLi4vLi4vLi4vLi4vbGlicmFyeS9Ccm9tcy8yMDE2LnBkZk8RAUoAAAAAAUoAAgAADE1hY2ludG9zaCBIRAAAAAAAAAAAAAAAAAAAAAAAAABCRAAB/////wgyMDE2LnBkZgAAAAAAAAAAAAAAAAAAAAAAAAAAAAAAAAAAAAAAAAAAAAAAAAAAAAAAAAAAAAAAAAAAAAAAAAD/////AAAAAAAAAAAAAAAAAAUAAwAACiBjdQAAAAAAAAAAAAAAAAAFQnJvbXMAAAIALy86VXNlcnM6YWx0aGVhOkRvY3VtZW50czpsaWJyYXJ5OkJyb21zOjIwMTYucGRmAAAOABIACAAyADAAMQA2AC4AcABkAGYADwAaAAwATQBhAGMAaQBuAHQAbwBzAGgAIABIAEQAEgAtVXNlcnMvYWx0aGVhL0RvY3VtZW50cy9saWJyYXJ5L0Jyb21zLzIwMTYucGRmAAATAAEvAAAVAAIADf//AAAACAANABoAJABMAAAAAAAAAgEAAAAAAAAABQAAAAAAAAAAAAAAAAAAAZo=},
	Bdsk-File-3 = {YnBsaXN0MDDSAQIDBFxyZWxhdGl2ZVBhdGhZYWxpYXNEYXRhXxAmLi4vLi4vLi4vLi4vLi4vbGlicmFyeS9Ccm9tcy8yMDE2YS5wZGZPEQFMAAAAAAFMAAIAAAxNYWNpbnRvc2ggSEQAAAAAAAAAAAAAAAAAAAAAAAAAQkQAAf////8JMjAxNmEucGRmAAAAAAAAAAAAAAAAAAAAAAAAAAAAAAAAAAAAAAAAAAAAAAAAAAAAAAAAAAAAAAAAAAAAAAAA/////wAAAAAAAAAAAAAAAAAFAAMAAAogY3UAAAAAAAAAAAAAAAAABUJyb21zAAACADAvOlVzZXJzOmFsdGhlYTpEb2N1bWVudHM6bGlicmFyeTpCcm9tczoyMDE2YS5wZGYADgAUAAkAMgAwADEANgBhAC4AcABkAGYADwAaAAwATQBhAGMAaQBuAHQAbwBzAGgAIABIAEQAEgAuVXNlcnMvYWx0aGVhL0RvY3VtZW50cy9saWJyYXJ5L0Jyb21zLzIwMTZhLnBkZgATAAEvAAAVAAIADf//AAAACAANABoAJABNAAAAAAAAAgEAAAAAAAAABQAAAAAAAAAAAAAAAAAAAZ0=},
	Bdsk-File-4 = {YnBsaXN0MDDSAQIDBFxyZWxhdGl2ZVBhdGhZYWxpYXNEYXRhXxAmLi4vLi4vLi4vLi4vLi4vbGlicmFyeS9Ccm9tcy8yMDE2Yi5wZGZPEQFMAAAAAAFMAAIAAAxNYWNpbnRvc2ggSEQAAAAAAAAAAAAAAAAAAAAAAAAAQkQAAf////8JMjAxNmIucGRmAAAAAAAAAAAAAAAAAAAAAAAAAAAAAAAAAAAAAAAAAAAAAAAAAAAAAAAAAAAAAAAAAAAAAAAA/////wAAAAAAAAAAAAAAAAAFAAMAAAogY3UAAAAAAAAAAAAAAAAABUJyb21zAAACADAvOlVzZXJzOmFsdGhlYTpEb2N1bWVudHM6bGlicmFyeTpCcm9tczoyMDE2Yi5wZGYADgAUAAkAMgAwADEANgBiAC4AcABkAGYADwAaAAwATQBhAGMAaQBuAHQAbwBzAGgAIABIAEQAEgAuVXNlcnMvYWx0aGVhL0RvY3VtZW50cy9saWJyYXJ5L0Jyb21zLzIwMTZiLnBkZgATAAEvAAAVAAIADf//AAAACAANABoAJABNAAAAAAAAAgEAAAAAAAAABQAAAAAAAAAAAAAAAAAAAZ0=}}

@article{Royle:2007,
	author = {Royle, J. Andrew},
	date-added = {2020-11-10 11:46:06 -0600},
	date-modified = {2020-11-10 11:46:06 -0600},
	doi = {10.1198/10618007X181425},
	journal = {Journal of Computational and Graphical Statistics},
	keywords = {not printed and Bayes and data augmentation and WinBUGS and occupancy model},
	number = {1},
	pages = {67-85},
	read = {1},
	title = {Analysis of multinomial models with unknown index using data augmentation},
	volume = {16},
	year = {2007},
	Bdsk-File-1 = {YnBsaXN0MDDSAQIDBFxyZWxhdGl2ZVBhdGhZYWxpYXNEYXRhXxAlLi4vLi4vLi4vLi4vLi4vbGlicmFyeS9Sb3lsZS8yMDA3LnBkZk8RAUoAAAAAAUoAAgAADE1hY2ludG9zaCBIRAAAAAAAAAAAAAAAAAAAAAAAAABCRAAB/////wgyMDA3LnBkZgAAAAAAAAAAAAAAAAAAAAAAAAAAAAAAAAAAAAAAAAAAAAAAAAAAAAAAAAAAAAAAAAAAAAAAAAD/////AAAAAAAAAAAAAAAAAAUAAwAACiBjdQAAAAAAAAAAAAAAAAAFUm95bGUAAAIALy86VXNlcnM6YWx0aGVhOkRvY3VtZW50czpsaWJyYXJ5OlJveWxlOjIwMDcucGRmAAAOABIACAAyADAAMAA3AC4AcABkAGYADwAaAAwATQBhAGMAaQBuAHQAbwBzAGgAIABIAEQAEgAtVXNlcnMvYWx0aGVhL0RvY3VtZW50cy9saWJyYXJ5L1JveWxlLzIwMDcucGRmAAATAAEvAAAVAAIADf//AAAACAANABoAJABMAAAAAAAAAgEAAAAAAAAABQAAAAAAAAAAAAAAAAAAAZo=},
	Bdsk-Url-1 = {http://dx.doi.org/10.1198/10618007X181425}}

@article{Gelman:2008,
	author = {Gelman, Andrew and Jakulin, Aleks and Pittau, Maria Grazia and Su, Yu-Sung},
	date-added = {2020-11-03 11:51:22 -0600},
	date-modified = {2020-11-03 11:51:22 -0600},
	journal = {The Annals of Applied Statistics},
	keywords = {Bayes and unread not lit reviewed not printed},
	number = {4},
	pages = {1360-1383},
	title = {A weakly informative default prior distribution for logistic and other regression models},
	volume = {2},
	year = {2008},
	Bdsk-File-1 = {YnBsaXN0MDDSAQIDBFxyZWxhdGl2ZVBhdGhZYWxpYXNEYXRhXxAmLi4vLi4vLi4vLi4vLi4vbGlicmFyeS9HZWxtYW4vMjAwOC5wZGZPEQFKAAAAAAFKAAIAAAxNYWNpbnRvc2ggSEQAAAAAAAAAAAAAAAAAAAAAAAAAQkQAAf////8IMjAwOC5wZGYAAAAAAAAAAAAAAAAAAAAAAAAAAAAAAAAAAAAAAAAAAAAAAAAAAAAAAAAAAAAAAAAAAAAAAAAA/////wAAAAAAAAAAAAAAAAAFAAMAAAogY3UAAAAAAAAAAAAAAAAABkdlbG1hbgACADAvOlVzZXJzOmFsdGhlYTpEb2N1bWVudHM6bGlicmFyeTpHZWxtYW46MjAwOC5wZGYADgASAAgAMgAwADAAOAAuAHAAZABmAA8AGgAMAE0AYQBjAGkAbgB0AG8AcwBoACAASABEABIALlVzZXJzL2FsdGhlYS9Eb2N1bWVudHMvbGlicmFyeS9HZWxtYW4vMjAwOC5wZGYAEwABLwAAFQACAA3//wAAAAgADQAaACQATQAAAAAAAAIBAAAAAAAAAAUAAAAAAAAAAAAAAAAAAAGb}}

@article{Baumgardt:2019,
	author = {Baumgardt, Jeremy A. and Morrison, Michael L. and Brennan, Leonard A. and Campbell, Tyler A.},
	date-added = {2020-11-03 11:42:50 -0600},
	date-modified = {2020-11-03 11:42:50 -0600},
	journal = {Western North American Naturalist},
	keywords = {unread not lit reviewed not printed and owls and occupancy model},
	number = {2},
	pages = {185-194},
	title = {Effects of broadcasting calls on detection probability in occupancy analyses of multiple raptor species},
	volume = {79},
	year = {2019},
	Bdsk-File-1 = {YnBsaXN0MDDSAQIDBFxyZWxhdGl2ZVBhdGhZYWxpYXNEYXRhXxApLi4vLi4vLi4vLi4vLi4vbGlicmFyeS9CYXVtZ2FyZHQvMjAxOS5wZGZPEQFWAAAAAAFWAAIAAAxNYWNpbnRvc2ggSEQAAAAAAAAAAAAAAAAAAAAAAAAAQkQAAf////8IMjAxOS5wZGYAAAAAAAAAAAAAAAAAAAAAAAAAAAAAAAAAAAAAAAAAAAAAAAAAAAAAAAAAAAAAAAAAAAAAAAAA/////wAAAAAAAAAAAAAAAAAFAAMAAAogY3UAAAAAAAAAAAAAAAAACUJhdW1nYXJkdAAAAgAzLzpVc2VyczphbHRoZWE6RG9jdW1lbnRzOmxpYnJhcnk6QmF1bWdhcmR0OjIwMTkucGRmAAAOABIACAAyADAAMQA5AC4AcABkAGYADwAaAAwATQBhAGMAaQBuAHQAbwBzAGgAIABIAEQAEgAxVXNlcnMvYWx0aGVhL0RvY3VtZW50cy9saWJyYXJ5L0JhdW1nYXJkdC8yMDE5LnBkZgAAEwABLwAAFQACAA3//wAAAAgADQAaACQAUAAAAAAAAAIBAAAAAAAAAAUAAAAAAAAAAAAAAAAAAAGq}}

@article{Guillera-Arroita:2019,
	author = {Guillera-Arroita, Gurutzeta and {K\'ery}, Marc and Lohoz-Monfort, {Jos\'e} J.},
	date-added = {2020-11-03 10:39:49 -0600},
	date-modified = {2020-11-03 10:42:25 -0600},
	doi = {10.1002/ece3.4821},
	journal = {Ecology and Evolution},
	pages = {780-792},
	title = {Inferring species richness using multispecies occupancy modeling: Estimation performance and interpretation},
	volume = {9},
	year = {2019},
	Bdsk-File-1 = {YnBsaXN0MDDSAQIDBFxyZWxhdGl2ZVBhdGhZYWxpYXNEYXRhXxAwLi4vLi4vLi4vLi4vLi4vbGlicmFyeS9HdWlsbGVyYS1BcnJvaXRhLzIwMTkucGRmTxEBaAAAAAABaAACAAAMTWFjaW50b3NoIEhEAAAAAAAAAAAAAAAAAAAAAAAAAEJEAAH/////CDIwMTkucGRmAAAAAAAAAAAAAAAAAAAAAAAAAAAAAAAAAAAAAAAAAAAAAAAAAAAAAAAAAAAAAAAAAAAAAAAAAP////8AAAAAAAAAAAAAAAAABQADAAAKIGN1AAAAAAAAAAAAAAAAABBHdWlsbGVyYS1BcnJvaXRhAAIAOi86VXNlcnM6YWx0aGVhOkRvY3VtZW50czpsaWJyYXJ5Okd1aWxsZXJhLUFycm9pdGE6MjAxOS5wZGYADgASAAgAMgAwADEAOQAuAHAAZABmAA8AGgAMAE0AYQBjAGkAbgB0AG8AcwBoACAASABEABIAOFVzZXJzL2FsdGhlYS9Eb2N1bWVudHMvbGlicmFyeS9HdWlsbGVyYS1BcnJvaXRhLzIwMTkucGRmABMAAS8AABUAAgAN//8AAAAIAA0AGgAkAFcAAAAAAAACAQAAAAAAAAAFAAAAAAAAAAAAAAAAAAABww==},
	Bdsk-File-2 = {YnBsaXN0MDDSAQIDBFxyZWxhdGl2ZVBhdGhZYWxpYXNEYXRhXxAxLi4vLi4vLi4vLi4vLi4vbGlicmFyeS9HdWlsbGVyYS1BcnJvaXRhLzIwMTkuZG9jeE8RAW4AAAAAAW4AAgAADE1hY2ludG9zaCBIRAAAAAAAAAAAAAAAAAAAAAAAAABCRAAB/////wkyMDE5LmRvY3gAAAAAAAAAAAAAAAAAAAAAAAAAAAAAAAAAAAAAAAAAAAAAAAAAAAAAAAAAAAAAAAAAAAAAAAD/////AAAAAAAAAAAAAAAAAAUAAwAACiBjdQAAAAAAAAAAAAAAAAAQR3VpbGxlcmEtQXJyb2l0YQACADsvOlVzZXJzOmFsdGhlYTpEb2N1bWVudHM6bGlicmFyeTpHdWlsbGVyYS1BcnJvaXRhOjIwMTkuZG9jeAAADgAUAAkAMgAwADEAOQAuAGQAbwBjAHgADwAaAAwATQBhAGMAaQBuAHQAbwBzAGgAIABIAEQAEgA5VXNlcnMvYWx0aGVhL0RvY3VtZW50cy9saWJyYXJ5L0d1aWxsZXJhLUFycm9pdGEvMjAxOS5kb2N4AAATAAEvAAAVAAIADf//AAAACAANABoAJABYAAAAAAAAAgEAAAAAAAAABQAAAAAAAAAAAAAAAAAAAco=},
	Bdsk-File-3 = {YnBsaXN0MDDSAQIDBFxyZWxhdGl2ZVBhdGhZYWxpYXNEYXRhXxAsLi4vLi4vLi4vLi4vLi4vbGlicmFyeS9HdWlsbGVyYS1BcnJvaXRhLzIwMTlPEQFaAAAAAAFaAAIAAQxNYWNpbnRvc2ggSEQAAAAAAAAAAAAAAAAAAAAAAAAAQkQAAf////8EMjAxOQAAAAAAAAAAAAAAAAAAAAAAAAAAAAAAAAAAAAAAAAAAAAAAAAAAAAAAAAAAAAAAAAAAAAAAAAAAAAAA/////wAAAAAAAAAAAAAAAAAFAAMAAAogY3UAAAAAAAAAAAAAAAAAEEd1aWxsZXJhLUFycm9pdGEAAgA3LzpVc2VyczphbHRoZWE6RG9jdW1lbnRzOmxpYnJhcnk6R3VpbGxlcmEtQXJyb2l0YToyMDE5LwAADgAKAAQAMgAwADEAOQAPABoADABNAGEAYwBpAG4AdABvAHMAaAAgAEgARAASADRVc2Vycy9hbHRoZWEvRG9jdW1lbnRzL2xpYnJhcnkvR3VpbGxlcmEtQXJyb2l0YS8yMDE5ABMAAS8AABUAAgAN//8AAAAIAA0AGgAkAFMAAAAAAAACAQAAAAAAAAAFAAAAAAAAAAAAAAAAAAABsQ==}}

@misc{R:2014,
	author = {{R Development Core Team}},
	howpublished = {{R Foundation for Statistical Computing, Vienna, Austria}},
	title = {{R: A Language and Environment for Statistical Computing}},
	year = {2014}}

@manual{Plummer:2013,
	author = {Plummer, Martyn},
	read = {1},
	title = {{JAGS Version 3.4.0 user manual}},
	year = {2013}}
